<?xml version="1.0" encoding="UTF-8"?><collection xmlns="http://www.loc.gov/MARC21/slim"><record><leader>00594nam--2200181-i-4500</leader><controlfield tag="001">000039547</controlfield><controlfield tag="002">20161230</controlfield><controlfield tag="005">20161230201042</controlfield><controlfield tag="008">060222s1000------------r-----000-0-fre-d</controlfield><datafield ind1=" " ind2=" " tag="040"><subfield code="a">IFIN-HH</subfield></datafield><datafield ind1=" " ind2=" " tag="041"><subfield code="a">fre</subfield></datafield><datafield ind1=" " ind2=" " tag="080"><subfield code="a">015:517.941:53.02</subfield></datafield><datafield ind1="1" ind2=" " tag="100"><subfield code="a">Rolland,Colette</subfield></datafield><datafield ind1="1" ind2="0" tag="245"><subfield code="a">Mise en oeuvre numerique de la methode des sources: application a l`etude d`un champ evolutif de temperature et d'un champ de contraintes thermo-elastiques</subfield><subfield code="b">These</subfield><subfield code="c">Colette rolland</subfield></datafield><datafield ind1=" " ind2=" " tag="260"><subfield code="a">Nancy</subfield><subfield code="b">Universite De Nancy I</subfield><subfield code="c">1971</subfield></datafield><datafield ind1=" " ind2=" " tag="300"><subfield code="a">93 P</subfield></datafield><datafield ind1=" " ind2=" " tag="852"><subfield code="a">38199</subfield><subfield code="c">53.02</subfield></datafield><datafield ind1=" " ind2=" " tag="CAT"><subfield code="a">Sys</subfield><subfield code="c">20151021</subfield><subfield code="h">114542</subfield></datafield></record></collection>